@misc{googleWorkspaceE2EE,
  title        = {Google Workspace, Client side encryption},
  howpublished = {\url{https://developers.google.com/workspace/cse/guides/overview}},
  note         = {Accessed: 2024-09-13}
}

@misc{Mega,
  title        = {Mega},
  howpublished = {\url{https://mega.io/security}, \url{https://mega.nz/SecurityWhitepaper.pdf}, \url{https://mega.io/sourcecode}},
  note         = {Accessed: 2024-09-13}
}

@misc{Dropbox,
  title        = {Dropbox 2024 Spring Release, Introducing Seamless End-to-End Encryption},
  howpublished = {\url{https://investors.dropbox.com/news-releases/news-release-details/dropbox-2024-spring-release-introducing-seamless-end-end}},
  note         = {Accessed: 2024-09-13}
}

@misc{Apple,
  title        = {Apple, iCloud security overview},
  howpublished = {\url{https://support.apple.com/en-us/HT202303}},
  note         = {Accessed: 2024-09-13}
}

@misc{SteveMorgan,
  title        = {2020 Data Attack Surface Report},
  howpublished = {\url{https://cybersecurityventures.com/wp-content/uploads/2020/12/ArcserveDataReport2020.pdf}},
  note         = {Accessed: 2024-09-13}
}

@misc{SSKGGo,
  title        = {An HKDF-based implementation of a binary tree-based SSKG},
  howpublished = {\url{https://github.com/codahale/sskg}},
  note         = {Accessed: 2024-09-13}
}